@article{lammps,
author = "A. P. Thompson and H. M. Aktulga and R. Berger and
   D. S. Bolintineanu and W. M. Brown and P. S. Crozier and
   P. J. in 't Veld and A. Kohlmeyer and S. G. Moore and T. D. Nguyen and
   R. Shan and M. J. Stevens and J. Tranchida and C. Trott and S. J. Plimpton",
title = "{LAMMPS} - a flexible simulation tool for
   particle-based materials modeling at the
   atomic, meso, and continuum scales",
journal = "Comp. Phys. Comm.",
volume =  "271",
pages =   "108171",
year =    "2022",
doi = "10.1016/j.cpc.2021.108171"
}

@ARTICLE{beelerUMoXe,
AUTHOR={Beeler, Benjamin and Zhang, Yongfeng},   
TITLE={The reconciliation and validation of a combined interatomic potential for the description of Xe in $\gamma$U-Mo},      
JOURNAL={Frontiers in Nuclear Engineering},     
VOLUME={2},           
YEAR={2023},      
URL={https://www.frontiersin.org/articles/10.3389/fnuen.2023.1185448},   
DOI={10.3389/fnuen.2023.1185448},     
ISSN={2813-3412},   
ABSTRACT={A U-Mo alloy has been selected as the fuel design for the conversion of high-performance research reactors in the United States. Efforts are ongoing to describe the fuel evolution as a function of time, for a variety of different reactor conditions. The accurate prediction of fuel evolution under irradiation requires the implementation of correct thermodynamic properties into mesoscale and continuum-level fuel performance modeling codes. Molecular dynamics has proven to be a valuable tool to parameterize or inform these higher-length scale models. However, there are currently inaccuracies in the only available U-Mo-Xe potential, which limits the predictive capabilities of molecular dynamics to inform critical phenomena in these fuel systems such as fission gas swelling. This work provides an updated U-Mo-Xe ternary interatomic potential which combines existing potentials in a reconciled format. The validation of the interatomic potential is performed by analyzing the phase stability and vacancy formation energies. Subsequently, Xe solution energies and an equation of state to describe Xe bubbles in U-Mo are calculated, providing 1) evidence of the significant differences between the prior ternary potential and the currently presented potential, and 2) updated data/tools for implementation into mesoscale simulation methodologies to study fission gas bubble evolution.}
}

@article{starikov2018,
title = {Atomistic simulation of cubic and tetragonal phases of U-Mo alloy:
	Structure and thermodynamic properties},
journal = {Journal of Nuclear Materials},
volume = {499},
pages = {451-463},
year = {2018},
issn = {0022-3115},
doi = {https://doi.org/10.1016/j.jnucmat.2017.11.047},
url = {https://www.sciencedirect.com/science/article/pii/S0022311517312229},
author = {S.V. Starikov and L.N. Kolotova and A.Yu. Kuksin and D.E. Smirnova
	and V.I. Tseplyaev},
}

@article{beeler2018,
title={An atomistic study of grain boundaries and surfaces in $\gamma$U-Mo},
author={Beeler, Benjamin and Zhang, Yongfeng and Gao, Yipeng},
journal={Journal of Nuclear Materials},
volume={507},
pages={248--257},
year={2018},
publisher={Elsevier}
}

@article{meyer2014,
title = {IRRADIATION PERFORMANCE OF U-Mo MONOLITHIC FUEL},
journal = {Nuclear Engineering and Technology},
volume = {46},
number = {2},
pages = {169-182},
year = {2014},
issn = {1738-5733},
doi = {https://doi.org/10.5516/NET.07.2014.706},
url = {https://www.sciencedirect.com/science/article/pii/S1738573315301613},
author = {M.K. Meyer and J. Gan and J.F. Jue and D.D. Keiser and E. Perez and
	A. Robinson and D.M. Wachs and N. Woolstenhulme and G.L. Hofman and
	Y.S. Kim},
}

@article{kim2011,
title = {Fission product induced swelling of U–Mo alloy fuel},
journal = {Journal of Nuclear Materials},
volume = {419},
number = {1},
pages = {291-301},
year = {2011},
issn = {0022-3115},
doi = {https://doi.org/10.1016/j.jnucmat.2011.08.018},
url = {https://www.sciencedirect.com/science/article/pii/S002231151100794X},
author = {Yeon Soo Kim and G.L. Hofman},
}

@misc{williams2015,
title={Afip-6 mkii post-irradiation examination summary report},
author={Williams, W and Rice, F and Robinson, A and Meyer, M and Rabin, B},
journal={Technical Report INL/LTD-15-34142},
year={2015},
publisher={Idaho National Laboratory Idaho Falls, ID, USA}
}

@techreport{miller2021,
title={U-10Mo Monolithic Fuel Qualification Plan},
author={Miller, Carla and Durtschi, Brian and Cole, James I and Daum, K},
year={2021},
institution={Idaho National Lab.(INL), Idaho Falls, ID (United States)}
}

@techreport{annualreport2021,
title={Microstructural-Level Fuel Performance Modeling of U Mo Monolithic
	Fuel},
author={Beeler, Benjamin W and Cole, James I and Kadambi, Sourabh Bhagwan and
      Malakkal, Linu and Aagesen Jr, Larry K and Hofman, Gerard and Hasan,
      ATM Jahid and Hu, Shenyang and Lavender, Curt and Masengale, Sean and
      others},
year={2021},
institution={Idaho National Lab.(INL), Idaho Falls, ID (United States)}
}

@article{aagesen2020,
title = {Phase-field simulations of intergranular fission gas bubble behavior
	in U3Si2 nuclear fuel},
journal = {Journal of Nuclear Materials},
volume = {541},
pages = {152415},
year = {2020},
issn = {0022-3115},
doi = {https://doi.org/10.1016/j.jnucmat.2020.152415},
url = {https://www.sciencedirect.com/science/article/pii/S0022311520310230},
author = {Larry K. Aagesen and David Andersson and Benjamin W. Beeler and
	Michael W.D. Cooper and Kyle A. Gamble and Yinbin Miao and Giovanni
	Pastore and Michael R. Tonks},
keywords = {Phase-field, Fission gas, Uranium silicide, Accident tolerant
	fuel},
}

@article{park2021,
title={An atomistic study of defect energetics and diffusion with respect to
        composition and temperature in $\gamma$U and $\gamma$U-Mo alloys},
author={Park, Gyuchul and Beeler, Benjamin and Okuniewski, Maria A},
journal={Journal of Nuclear Materials},
volume={552},
pages={152970},
year={2021},
publisher={Elsevier}
}

@article{smirnova2013,
title={A ternary EAM interatomic potential for U--Mo alloys with xenon},
author={Smirnova, DE and Kuksin, A Yu and Starikov, SV and Stegailov, VV and
	Insepov, Z and Rest, J and Yacout, AM},
journal={Modelling and Simulation in Materials Science and Engineering},
volume={21},
number={3},
pages={035011},
year={2013},
publisher={IOP Publishing}
}

@article{smirnova2015,
title={Atomistic modeling of the self-diffusion in $\gamma$-U and
	$\gamma$-U-Mo},
author={Smirnova, DE and Kuksin, A Yu and Starikov, SV and Stegailov, VV},
journal={The Physics of Metals and Metallography},
volume={116},
number={5},
pages={445--455},
year={2015},
publisher={Springer}
}

@article{ovito,
title={Visualization and analysis of atomistic simulation data with
        OVITO--the Open Visualization Tool},
author={Stukowski, Alexander},
journal={Modelling and simulation in materials science and engineering},
volume={18},
number={1},
pages={015012},
year={2009},
publisher={IOP Publishing}
}

@article{huang2013,
author = {K. Huang and J. D. Keiser and Y. Sohn},
date-added = {2022-08-27 12:29:26 -0400},
date-modified = {2022-08-27 12:29:26 -0400},
journal = {Metallurgical and Materials Transactions A},
pages = {738},
title = {Interdiffusion, intrinsic diffusion, atomic mobility, and vacancy wind
	effect in $\gamma$(bcc) uranium-molybdenum alloy},
volume = {44A},
year = {2013}
}

@article{cooper2021,
author = {Cooper, Michael William Donald and Gamble, Kyle A and Capolungo,
	Laurent and Matthews, Christopher and Andersson, DA and Beeler,
	Benjamin and Stanek, Christopher Richard and Metzger, Kallie},
date-added = {2022-08-27 12:29:26 -0400},
date-modified = {2022-08-27 12:29:26 -0400},
journal = {Journal of Nuclear Materials},
pages = {153129},
publisher = {Elsevier},
title = {Irradiation-enhanced diffusion and diffusion-limited creep in
	{U}$_3${S}i$_{2}$},
volume = {555},
year = {2021}
}

@article{snelgrove1997,
title={Development of very-high-density low-enriched-uranium fuels},
author={Snelgrove, James L and Hofman, GL and Meyer, MK and Trybus, CL and
	Wiencek, TC},
journal={Nuclear engineering and design},
volume={178},
number={1},
pages={119--126},
year={1997},
publisher={Elsevier}
}

@techreport{dart,
title={The DART dispersion analysis research tool: A mechanistic model for
	predicting fission-product-induced swelling of aluminum dispersion
	fuels. Users guide for mainframe, workstation, and personal
	computer applications},
author={Rest, J},
year={1995},
institution={Argonne National Lab.(ANL), Argonne, IL (United States)}
}

@article{park2023,
  title={Computational determination of a primary diffusion mode in
	  $\gamma$U-10Mo under irradiation},
  author={Park, Gyuchul and Beeler, Benjamin and Okuniewski, Maria A},
  journal={Journal of Nuclear Materials},
  volume={574},
  pages={154137},
  year={2023},
  publisher={Elsevier}
}

@inproceedings{wilson2020,
  title={Preliminary Fuel Development and Reactor Design Milestones for LEU
	  Conversion of US High Performance Research Reactors},
  author={Wilson, EH and Cole, JI and Lavender, C and Dunn, K and Cercy, M},
  booktitle={Proc. Int. Conf. Nuclear Security},
  pages={10--14},
  year={2020}
}

@techreport{cole2016,
  title={US progress on property characterization to support LEU U-10 MO
	  monolithic fuel development},
  author={Cole, James Irvin and Rabin, Barry H and Smith, James Arthur and
	  Scott, Clark Landon and Benefiel, Bradley Curtis and Larsen, Eric
	  David and Lind, Robert Paul and Sell, David Alan},
  year={2016},
  institution={Idaho National Lab.(INL), Idaho Falls, ID (United States)}
}

@article{cui2015,
  title={Modifications and applications of the mechanistic gaseous swelling
	  model for UMo fuel},
  author={Cui, Yi and Ding, Shurong and Chen, Zengtao and Huo, Yongzhong},
  journal={Journal of Nuclear Materials},
  volume={457},
  pages={157--164},
  year={2015},
  publisher={Elsevier}
}

@techreport{robinson2009,
  title={Irradiation performance of u-mo alloy based ‘monolithic’plate-type
	  fuel--design selection},
  author={Robinson, AB and Chang, GS and Keiser Jr, DD and Wachs, DM and
	  Porter, DL},
  year={2009},
  institution={Idaho National Lab.(INL), Idaho Falls, ID (United States)}
}

@book{saller1955,
  title={The constitution diagram of uranium-rich uranium-molybdenum alloys},
  author={Saller, Henry A and Rough, Frank A and Vaughan, DA},
  year={1955},
  publisher={United States Atomic Energy Commission, Technical Information
	  Service}
}

@article{dwight1960,
  title={The uranium-molybdenum equilibrium diagram below 900 C},
  author={Dwight, Austin E},
  journal={Journal of Nuclear Materials},
  volume={2},
  number={1},
  pages={81--87},
  year={1960},
  publisher={Elsevier}
}

@techreport{willard1965,
  title={Irradiation swelling, phase reversion, and intergranular cracking of
	  U-10 wt.\% Mo fuel alloy},
  author={Willard, RM and Schmitt, AR},
  year={1965},
  institution={Atomics International. Div. of North American Aviation, Inc.,
	  Canoga Park~…}
}

@article{winning2010,
  title={Mobility of low-angle grain boundaries in pure metals},
  author={Winning, Myrjam and Rollett, AD and Gottstein, G{\"u}nter and
	  Srolovitz, DJ and Lim, A and Shvindlerman, LS},
  journal={Philosophical Magazine},
  volume={90},
  number={22},
  pages={3107--3128},
  year={2010},
  publisher={Taylor \& Francis}
}

@article{suzuki2005,
  title={Atomic mechanisms of grain boundary diffusion: Low versus high temperatures},
  author={Suzuki, A and Mishin, Yu},
  journal={Journal of materials science},
  volume={40},
  pages={3155--3161},
  year={2005},
  publisher={Springer}
}

@article{ye2015,
  title={DART analysis of irradiation behavior of U-Mo/Al dispersion fuels},
  author={Ye, Bei and Rest, Jeff and Kim, Yeon Soo and Hofman, Gerard and Dionne, Benoit},
  journal={Nuclear Technology},
  volume={191},
  number={1},
  pages={27--40},
  year={2015},
  publisher={Taylor \& Francis}
}

@article{hu2021,
  title={Gas bubble evolution in polycrystalline UMo fuels under elastic-plastic deformation: a phase-field model with crystal-plasticity},
  author={Hu, Shenyang and Beeler, Benjamin},
  journal={Frontiers in Materials},
  volume={8},
  pages={682667},
  year={2021},
  publisher={Frontiers Media SA}
}

@article{vincent2009,
  title={Self-diffusion near symmetrical tilt grain boundaries in UO2 matrix: A
	  molecular dynamics simulation study},
  author={Vincent-Aublant, E and Delaye, JM and Van Brutzel, L},
  journal={Journal of nuclear materials},
  volume={392},
  number={1},
  pages={114--120},
  year={2009},
  publisher={Elsevier}
}

@article{govers2013,
  title={Classical molecular dynamics investigation of microstructure evolution
	  and grain boundary diffusion in nano-polycrystalline UO2},
  author={Govers, K and Verwerft, M},
  journal={Journal of nuclear materials},
  volume={438},
  number={1-3},
  pages={134--143},
  year={2013},
  publisher={Elsevier}
}

@article{beeler2019,
  title={Molecular dynamics investigation of grain boundaries and surfaces in
	  U3Si2},
  author={Beeler, Benjamin and Baskes, Michael and Andersson, David and Cooper,
	  Michael WD and Zhang, Yongfeng},
  journal={Journal of Nuclear Materials},
  volume={514},
  pages={290--298},
  year={2019},
  publisher={Elsevier}
}

@article{nishina2011,
  title={Molecular dynamics study on grain boundary diffusion of actinides and
	  oxygen in oxide fuels},
  author={Nishina, Masahiro and Yoshida, Keita and Arima, Tatsumi and Inagaki,
	  Yaohiro and Idemitsu, Kazuya and Sato, Isamu},
  journal={Progress in Nuclear Science and Technology},
  volume={2},
  pages={95--100},
  year={2011},
  publisher={Atomic Energy Society of Japan}
}

@article{yang2018,
  title={Molecular dynamics simulation on stability and diffusivity of hydrogen
	  around a< 111> symmetric tilt grain boundary in bcc-Fe},
  author={Yang, Sojeong and Yun, Sei-Hun and Oda, Takuji},
  journal={Fusion Engineering and Design},
  volume={131},
  pages={105--110},
  year={2018},
  publisher={Elsevier}
}

@article{fu2021,
  title={Diffusion, trapping, and dissociation behaviours of helium at the
	  $\Sigma$5 grain boundary in tungsten: a molecular dynamics study},
  author={Fu, Baoqin and Qiu, Mingjie and Cui, Jiechao and Wang, Jun and Hou,
	  Qing},
  journal={Journal of Nuclear Materials},
  volume={543},
  pages={152599},
  year={2021},
  publisher={Elsevier}
}

@article{seshadri2022,
  title={A Review of Irradiation Damage and Effects in $\alpha$-Uranium},
  author={Seshadri, Arunkumar and Jokisaari, Andrea M and Sun, Cheng},
  journal={Materials},
  volume={15},
  number={12},
  pages={4106},
  year={2022},
  publisher={MDPI}
}

@article{hofman1990,
  title={Swelling behavior of U-Pu-Zr fuel},
  author={Hofman, Gerard L and Pahl, RG and Lahm, CE and Porter, DL},
  journal={Metallurgical Transactions A},
  volume={21},
  pages={517--528},
  year={1990},
  publisher={Springer}
}

@article{mahbuba2021,
  title={Evaluation of the anisotropic grain boundaries and surfaces of $\alpha$-U via molecular dynamics},
  author={Mahbuba, Khadija and Beeler, Benjamin and Jokisaari, Andrea},
  journal={Journal of Nuclear Materials},
  volume={554},
  pages={153072},
  year={2021},
  publisher={Elsevier}
}

@techreport{annualreport2022,
title={Microstructural-Level Fuel Performance Modeling of U Mo Monolithic
	Fuel},
author={Beeler, Benjamin and Aagesen, Larry and Cole, James and Hasan, ATM Jahid and
      Hu, Shenyang and Kadambi, Sourabh and Lavender, Curt and Malakkal, Linu and
      Mei, Zhi-Gang and Oaks, Aaron and Okuniewski, Maria and Park, Gyuchul and
      Rezwan, Aashique and Shu, Shipeng and Yacout, Abdellatif and Ye, Bei and Zhang, Yongfeng},
year={2022},
institution={Idaho National Lab.(INL), Idaho Falls, ID (United States)}
}

@book{rapaport2004,
  title={The art of molecular dynamics simulation},
  author={Rapaport, Dennis C and Rapaport, Dennis C Rapaport},
  year={2004},
  publisher={Cambridge university press}
}

@article{keblinski1999,
  title={Self-diffusion in high-angle fcc metal grain boundaries by molecular dynamics simulation},
  author={Keblinski, P and Wolf, D and Phillpot, SR and Gleiter, H},
  journal={Philosophical Magazine A},
  volume={79},
  number={11},
  pages={2735--2761},
  year={1999},
  publisher={Taylor \& Francis}
}
