%% This BibTeX bibliography file was created using BibDesk.
%% https://bibdesk.sourceforge.io/

%% Created for Benjamin Beeler at 2022-09-28 13:46:51 -0400 


%% Saved with string encoding Unicode (UTF-8) 



@article{meyer2014irradiation,
	author = {Meyer, MK and Gan, J and Jue, JF and Keiser, DD and Perez, E and Robinson, A and Wachs, DM and Woolstenhulme, N and Hofman, GL and Kim, YS},
	journal = {Nuclear Engineering and Technology},
	number = {2},
	pages = {169--182},
	publisher = {Elsevier},
	title = {Irradiation performance of {U}-{M}o monolithic fuel},
	volume = {46},
	year = {2014}}

@article{turnbull1982diffusion,
	author = {Turnbull, JA and Friskney, CA and Findlay, JR and Johnson, FA and Walter, AJ},
	journal = {Journal of Nuclear Materials},
	number = {2-3},
	pages = {168--184},
	publisher = {Elsevier},
	title = {The diffusion coefficients of gaseous and volatile species during the irradiation of uranium dioxide},
	volume = {107},
	year = {1982}}

@article{hu2016formation,
	author = {Hu, Shenyang and Burkes, Douglas E and Lavender, Curt A and Senor, David J and Setyawan, Wahyu and Xu, Zhijie},
	journal = {Journal of Nuclear Materials},
	pages = {202--215},
	publisher = {Elsevier},
	title = {Formation mechanism of gas bubble superlattice in {U}{M}o metal fuels: Phase-field modeling investigation},
	volume = {479},
	year = {2016}}

@techreport{hu2016microstructural,
	author = {Hu, SY and Joshi, VV and Lavender, CA and Lombardo, NJ and Wight, J and Ye, B and others},
	institution = {Idaho National Lab.(INL), Idaho Falls, ID (United States)},
	number = {No. INL/LTD-16-40028},
	title = {Microstructural level fuel performance modeling of {U}{M}o monolithic fuel},
	year = {2016}}

@article{beeler2021radiation,
	author = {Beeler, Benjamin and Cooper, Michael WD and Mei, Zhi-Gang and Schwen, Daniel and Zhang, Yongfeng},
	journal = {Journal of Nuclear Materials},
	pages = {152568},
	publisher = {Elsevier},
	title = {Radiation driven diffusion in $\gamma${U}-{M}o},
	volume = {543},
	year = {2021}}

@article{ye2015dart,
	author = {Ye, Bei and Rest, Jeff and Kim, Yeon Soo and Hofman, Gerard and Dionne, Benoit},
	journal = {Nuclear Technology},
	number = {1},
	pages = {27--40},
	publisher = {Taylor \& Francis},
	title = {D{A}{R}{T} analysis of irradiation behavior of {U}-{M}o/{A}l dispersion fuels},
	volume = {191},
	year = {2015}}

@techreport{miller2021u,
	author = {Miller, Carla and Durtschi, Brian and Cole, James I and Daum, K},
	institution = {Idaho National Lab.(INL), Idaho Falls, ID (United States)},
	number = {No. INL/EXT-13-30238-Rev003},
	title = {U-10{M}o {M}onolithic {F}uel {Q}ualification {P}lan},
	year = {2021}}

@techreport{hardtmayer2019developing,
	author = {Hardtmayer, Douglas E},
	institution = {Idaho National Lab.(INL), Idaho Falls, ID (United States)},
	title = {Developing the {I}rradiation {P}lan for {U}-10{M}o {L}{E}{U} {F}uel {Q}ualification for the {A}dvanced {T}est {R}eactor},
	year = {2019}}

@article{liang2018three,
	author = {Liang, Linyun and Mei, Zhi-Gang and Kim, Yeon Soo and Anitescu, Mihai and Yacout, Abdellatif M},
	journal = {Computational Materials Science},
	pages = {86--95},
	publisher = {Elsevier},
	title = {Three-dimensional phase-field simulations of intragranular gas bubble evolution in irradiated {U}-{M}o fuel},
	volume = {145},
	year = {2018}}

@article{hu2009phase,
	author = {Hu, Shenyang and Henager Jr, Charles H and Heinisch, Howard L and Stan, Marius and Baskes, Michael I and Valone, Steven M},
	journal = {Journal of Nuclear Materials},
	number = {2},
	pages = {292--300},
	publisher = {Elsevier},
	title = {Phase-field modeling of gas bubbles and thermal conductivity evolution in nuclear fuels},
	volume = {392},
	year = {2009}}

@techreport{kim2008characterization,
	author = {Kim, YS and Hofman, G and Rest, J and Shevlyakov, GV and RIAR, SSCR and others},
	institution = {Argonne National Lab.(ANL), Argonne, IL (United States)},
	number = {No. ANL-08/11},
	title = {Characterization of intergranular fission gas bubbles in {U}-{M}o fuel.},
	year = {2008}}

@article{van2008transmission,
	author = {Van den Berghe, Sven and Van Renterghem, Wouter and Leenaers, Ann},
	journal = {Journal of Nuclear Materials},
	number = {3},
	pages = {340--346},
	publisher = {Elsevier},
	title = {Transmission electron microscopy investigation of irradiated {U}--7 wt\% {M}o dispersion fuel},
	volume = {375},
	year = {2008}}

@article{olander2006re,
	author = {Olander, DR and Wongsawaeng, D},
	journal = {Journal of Nuclear Materials},
	number = {1-3},
	pages = {94--109},
	publisher = {Elsevier},
	title = {Re-solution of fission gas--{A} review: {P}art {I}. {I}ntragranular bubbles},
	volume = {354},
	year = {2006}}

@article{keiser2017observed,
	author = {Keiser, Dennis and Jue, Jan-Fong and Miller, Brandon and Gan, Jian and Robinson, Adam and Madden, James},
	journal = {JOM},
	number = {12},
	pages = {2538--2545},
	publisher = {Springer},
	title = {Observed changes in as-fabricated {U}-10{M}o monolithic fuel microstructures after irradiation in the advanced test reactor},
	volume = {69},
	year = {2017}}

@article{gan2017irradiated,
	author = {Gan, J and Miller, BD and Keiser Jr, DD and Jue, JF and Madden, JW and Robinson, AB and Ozaltun, H and Moore, G and Meyer, MK},
	journal = {Journal of Nuclear Materials},
	pages = {195--203},
	publisher = {Elsevier},
	title = {Irradiated microstructure of {U}-10{M}o monolithic fuel plate at very high fission density},
	volume = {492},
	year = {2017}}

@article{jue2018effects,
	author = {Jue, Jan-Fong and Keiser Jr, Dennis D and Miller, Brandon D and Madden, James W and Robinson, Adam B and Rabin, Barry H},
	journal = {Journal of Nuclear Materials},
	pages = {567--581},
	publisher = {Elsevier},
	title = {Effects of irradiation on the interface between {U}-{M}o and zirconium diffusion barrier},
	volume = {499},
	year = {2018}}

@techreport{giglio2021ushprr,
	author = {Giglio, Jeffrey J},
	institution = {Idaho National Lab.(INL), Idaho Falls, ID (United States)},
	number = {No. INL/EXT-21-61324-Rev000},
	title = {U{S}{H}{P}{R}{R} {M}{P}-1: Observations from {P}{I}{E} and Path Forward for the {M}{P}-2 {E}xperiment and {E}xperimental {S}ummary},
	year = {2021}}

@techreport{robinson2013irradiation,
	author = {Robinson, AB and Perez, DM and Porter, DL and others},
	institution = {Idaho National Lab.(INL), Idaho Falls, ID (United States)},
	number = {No. INL/EXT-09-16807},
	title = {Irradiation {P}erformance of {U}-{M}o {A}lloy {B}ased `{M}onolithic' {P}late-{T}ype-{D}esign {S}election {U}pdate},
	year = {2013}}

@article{prabhakaran2017u,
	author = {Prabhakaran, Ramprashad},
	journal = {JOM},
	number = {12},
	pages = {2529--2531},
	publisher = {Springer},
	title = {{U}-{M}o monolithic fuel for nuclear research and test reactors},
	volume = {69},
	year = {2017}}

@article{liang2018fission,
	author = {Liang, Linyun and Kim, Yeon Soo and Mei, Zhi-Gang and Aagesen, Larry K and Yacout, Abdellatif M},
	journal = {Journal of Nuclear Materials},
	pages = {438--445},
	publisher = {Elsevier},
	title = {Fission gas bubbles and recrystallization-induced degradation of the effective thermal conductivity in {U}-7{M}o fuels},
	volume = {511},
	year = {2018}}

@article{kim2011fission,
	author = {Kim, Yeon Soo and Hofman, Gerard L},
	journal = {Journal of Nuclear Materials},
	number = {1-3},
	pages = {291--301},
	publisher = {Elsevier},
	title = {Fission product induced swelling of {U}--{M}o alloy fuel},
	volume = {419},
	year = {2011}}

@article{andersson2014atomistic,
	author = {Andersson, DA and Garcia, P and Liu, X-Y and Pastore, G and Tonks, M and Millett, P and Dorado, B and Gaston, DR and Andrs, D and Williamson, RL and others},
	journal = {Journal of Nuclear Materials},
	number = {1-3},
	pages = {225--242},
	publisher = {Elsevier},
	title = {Atomistic modeling of intrinsic and radiation-enhanced fission gas ({X}e) diffusion in {U}{O}$_{2\pm x}$: Implications for nuclear fuel performance modeling},
	volume = {451},
	year = {2014}}

@article{cooper2021irradiation,
	author = {Cooper, Michael William Donald and Gamble, Kyle A and Capolungo, Laurent and Matthews, Christopher and Andersson, DA and Beeler, Benjamin and Stanek, Christopher Richard and Metzger, Kallie},
	journal = {Journal of Nuclear Materials},
	pages = {153129},
	publisher = {Elsevier},
	title = {Irradiation-enhanced diffusion and diffusion-limited creep in {U}$_3${S}i$_{2}$},
	volume = {555},
	year = {2021}}

@article{daw1983semiempirical,
	author = {Daw, Murray S and Baskes, Michael I},
	journal = {Physical Review Letters},
	number = {17},
	pages = {1285},
	publisher = {APS},
	title = {Semiempirical, quantum mechanical calculation of hydrogen embrittlement in metals},
	volume = {50},
	year = {1983}}

@article{daw1984embedded,
	author = {Daw, Murray S and Baskes, Michael I},
	journal = {Physical Review B},
	number = {12},
	pages = {6443},
	publisher = {APS},
	title = {Embedded-atom method: Derivation and application to impurities, surfaces, and other defects in metals},
	volume = {29},
	year = {1984}}

@article{ercolessi1994interatomic,
	author = {Ercolessi, Furio and Adams, James B},
	journal = {EPL (Europhysics Letters)},
	number = {8},
	pages = {583},
	publisher = {IOP Publishing},
	title = {Interatomic potentials from first-principles calculations: the force-matching method},
	volume = {26},
	year = {1994}}

@book{was2016fundamentals,
	author = {Was, Gary S},
	pages = {207--252},
	publisher = {Springer},
	subtitle = {Radiation-Enhanced Diffusion and Defect Reaction Rate Theory},
	title = {Fundamentals of radiation materials science: metals and alloys},
	year = {2016}}

@article{nordlund2018improving,
	author = {Nordlund, Kai and Zinkle, Steven J and Sand, Andrea E and Granberg, Fredric and Averback, Robert S and Stoller, Roger and Suzudo, Tomoaki and Malerba, Lorenzo and Banhart, Florian and Weber, William J and Willaime, Francois and Dudarev, Sergei L and Simeone, David},
	journal = {Nature Communications},
	number = {1},
	pages = {1-8},
	publisher = {Nature Publishing Group},
	title = {Improving atomic displacement and replacement calculations with physically realistic damage models},
	volume = {9},
	year = {2018}}

@article{norgett1975proposed,
	author = {Norgett, MJ and Robinson, MT and Torrens, IM},
	journal = {Nuclear Engineering and Design},
	number = {1},
	pages = {50--54},
	publisher = {Elsevier},
	title = {A proposed method of calculating displacement dose rates},
	volume = {33},
	year = {1975}}

@article{beeler2020improved,
	author = {Beeler, Benjamin and Hu, Shenyang and Zhang, Yongfeng and Gao, Yipeng},
	journal = {Journal of Nuclear Materials},
	pages = {151961},
	publisher = {Elsevier},
	title = {A improved equation of state for {X}e gas bubbles in $\gamma${U}-{M}o fuels},
	volume = {530},
	year = {2020}}

@article{huang2013,
	author = {K. Huang and J. D. Keiser and Y. Sohn},
	journal = {Metallurgical and Materials Transactions A},
	pages = {738},
	title = {Interdiffusion, intrinsic diffusion, atomic mobility, and vacancy wind effect in $\gamma$(bcc) uranium-molybdenum alloy},
	volume = {44A},
	year = {2013}}

@article{park2021atomistic,
	author = {Park, Gyuchul and Beeler, Benjamin and Okuniewski, Maria A},
	journal = {Journal of Nuclear Materials},
	pages = {152970},
	publisher = {Elsevier},
	title = {An atomistic study of defect energetics and diffusion with respect to composition and temperature in $\gamma${U} and $\gamma${U}-{M}o alloys},
	volume = {552},
	year = {2021}}

@article{gan2010transmission,
	author = {Gan, Jian and Keiser Jr, Dennis D and Wachs, Dan M and Robinson, Adam B and Miller, Brandon D and Allen, Todd R},
	journal = {Journal of Nuclear Materials},
	number = {2-3},
	pages = {234--239},
	publisher = {Elsevier},
	title = {Transmission electron microscopy characterization of irradiated {U}--7{M}o/{A}l--2{S}i dispersion fuel},
	volume = {396},
	year = {2010}}

@article{huber2018thermal,
	author = {Huber, Tanja K and Breitkreutz, Harald and Burkes, Douglas E and Casella, Amanda J and Casella, Andrew M and Elgeti, Stefan and Reiter, Christian and Robinson, Adam B and Smith, Frances N and Wachs, Daniel M and others},
	journal = {Journal of Nuclear Materials},
	pages = {304--313},
	publisher = {Elsevier},
	title = {Thermal conductivity of fresh and irradiated {U}-{M}o fuels},
	volume = {503},
	year = {2018}}

@article{hu2015assessment,
	author = {Hu, Shenyang and Casella, Andrew M and Lavender, Curt A and Senor, David J and Burkes, Douglas E},
	journal = {Journal of Nuclear Materials},
	pages = {64--76},
	publisher = {Elsevier},
	title = {Assessment of effective thermal conductivity in {U}--{M}o metallic fuels with distributed gas bubbles},
	volume = {462},
	year = {2015}}

@article{liang2016mesoscale,
	author = {Liang, Linyun and Mei, Zhi-Gang and Kim, Yeon Soo and Ye, Bei and Hofman, Gerard and Anitescu, Mihai and Yacout, Abdellatif M},
	journal = {Computational Materials Science},
	pages = {228--237},
	publisher = {Elsevier},
	title = {Mesoscale model for fission-induced recrystallization in {U}-7{M}o alloy},
	volume = {124},
	year = {2016}}

@article{kim2013recrystallization,
	author = {Kim, Yeon Soo and Hofman, GL and Cheon, JS},
	journal = {Journal of Nuclear Materials},
	number = {1-3},
	pages = {14--22},
	publisher = {Elsevier},
	title = {Recrystallization and fission-gas-bubble swelling of {U}--{M}o fuel},
	volume = {436},
	year = {2013}}

@article{rest2005model,
	author = {Rest, J},
	journal = {Journal of Nuclear Materials},
	number = {2-3},
	pages = {226--232},
	publisher = {Elsevier},
	title = {A model for the effect of the progression of irradiation-induced recrystallization from initiation to completion on swelling of {U}{O}$_{2}$ and {U}--10{M}o nuclear fuels},
	volume = {346},
	year = {2005}}

@article{bai2017modeling,
	author = {Bai, Xian-Ming and Ke, Huibin and Zhang, Yongfeng and Spencer, Benjamin W},
	journal = {Journal of Nuclear Materials},
	pages = {442--454},
	publisher = {Elsevier},
	title = {Modeling copper precipitation hardening and embrittlement in a dilute {F}e-0.3 at.\% {C}u alloy under neutron irradiation},
	volume = {495},
	year = {2017}}

@article{smirnova2013ternary,
	author = {Smirnova, DE and Kuksin, A Yu and Starikov, SV and Stegailov, VV and Insepov, Z and Rest, J and Yacout, AM},
	journal = {Modelling and Simulation in Materials Science and Engineering},
	number = {3},
	pages = {035011},
	publisher = {IOP Publishing},
	title = {A ternary {E}{A}{M} interatomic potential for {U}--{M}o alloys with xenon},
	volume = {21},
	year = {2013}}

@article{plimpton1995fast,
	author = {Plimpton, Steve},
	journal = {Journal of Computational Physics},
	number = {1},
	pages = {1--19},
	publisher = {Elsevier},
	title = {Fast parallel algorithms for short-range molecular dynamics},
	volume = {117},
	year = {1995}}

@article{beeler2018calculation,
	author = {Beeler, Benjamin and Zhang, Yongfeng and Okuniewski, Maria and Deo, Chaitanya},
	journal = {Journal of Nuclear Materials},
	pages = {181--194},
	publisher = {Elsevier},
	title = {Calculation of the displacement energy of $\alpha$ and $\gamma$ {u}ranium},
	volume = {508},
	year = {2018}}

@article{smirnova2015atomistic,
	author = {Smirnova, DE and Kuksin, A Yu and Starikov, SV and Stegailov, VV},
	journal = {The Physics of Metals and Metallography},
	number = {5},
	pages = {445--455},
	publisher = {Springer},
	title = {Atomistic modeling of the self-diffusion in $\gamma$-{U} and $\gamma$-{U}-{M}o},
	volume = {116},
	year = {2015}}

@article{andersson2019density,
	author = {Andersson, DA and Liu, X-Y and Beeler, Benjamin and Middleburgh, SC and Claisse, Antoine and Stanek, Christopher Richard},
	journal = {Journal of Nuclear Materials},
	pages = {312--325},
	publisher = {Elsevier},
	title = {Density functional theory calculations of self-and {X}e diffusion in {U}$_{3}${S}i$_{2}$},
	volume = {515},
	year = {2019}}

@article{andersson2011u,
	author = {Andersson, DA and Uberuaga, BP and Nerikar, PV and Unal, C and Stanek, CR},
	journal = {Physical Review B},
	number = {5},
	pages = {054105},
	publisher = {APS},
	title = {U and {X}e transport in {U}{O}$_{2\pm x}$: Density functional theory calculations},
	volume = {84},
	year = {2011}}

@article{yun2008atomic,
	author = {Yun, Younsuk and Kim, Hanchul and Kim, Heemoon and Park, Kwangheon},
	journal = {Journal of Nuclear Materials},
	number = {1},
	pages = {40--44},
	publisher = {Elsevier},
	title = {Atomic diffusion mechanism of {X}e in {U}{O}$_{2}$},
	volume = {378},
	year = {2008}}

@article{perriot2019atomistic,
	author = {Perriot, Romain and Matthews, Christopher and Cooper, Michael WD and Uberuaga, Blas P and Stanek, Christopher R and Andersson, David A},
	journal = {Journal of Nuclear Materials},
	pages = {96--109},
	publisher = {Elsevier},
	title = {Atomistic modeling of out-of-pile xenon diffusion by vacancy clusters in {U}{O}$_{2}$},
	volume = {520},
	year = {2019}}

@article{bes2015experimental,
	author = {B{\`e}s, Ren{\'e} and Martin, Philippe and Vathonne, Emerson and Delorme, R{\'e}my and Sabathier, Catherine and Freyss, Michel and Bertolus, Marjorie and Glatzel, Pieter},
	journal = {Applied Physics Letters},
	number = {11},
	pages = {114102},
	publisher = {AIP Publishing LLC},
	title = {Experimental evidence of {X}e incorporation in Schottky defects in {U}{O}$_{2}$},
	volume = {106},
	year = {2015}}

@article{thompson2013pathway,
	author = {Thompson, Alexander E and Wolverton, C},
	journal = {Physical Review B},
	number = {10},
	pages = {104105},
	publisher = {APS},
	title = {Pathway and energetics of xenon migration in uranium dioxide},
	volume = {87},
	year = {2013}}

@article{miekeley1972effect,
	author = {Miekeley, W and Felix, FW},
	journal = {Journal of Nuclear Materials},
	number = {3},
	pages = {297--306},
	publisher = {Elsevier},
	title = {Effect of stoichiometry on diffusion of xenon in UO2},
	volume = {42},
	year = {1972}}

@techreport{davies1963emission,
	author = {Davies, D and Long, G},
	institution = {United Kingdom Atomic Energy Authority. Research Group. Atomic Energy~{\ldots}},
	number = {No. AERE-R-4347},
	title = {The emission of xenon-133 from lightly irradiated uranium dioxide spheroids and powders},
	year = {1963}}

@article{cornell1969growth,
	author = {Cornell, RM},
	journal = {Philosophical Magazine},
	number = {159},
	pages = {539--554},
	publisher = {Taylor \& Francis},
	title = {The growth of fission gas bubbles in irradiated uranium dioxide},
	volume = {19},
	year = {1969}}

@article{matzke1980gas,
	author = {Matzke, Hj},
	journal = {Radiation Effects},
	number = {3-4},
	pages = {219--242},
	publisher = {Taylor \& Francis},
	title = {Gas release mechanisms in UO2---a critical review},
	volume = {53},
	year = {1980}}

@article{nordlund2018primary,
	author = {Nordlund, Kai and Zinkle, Steven J and Sand, Andrea E and Granberg, Fredric and Averback, Robert S and Stoller, Roger E and Suzudo, Tomoaki and Malerba, Lorenzo and Banhart, Florian and Weber, William J and Willaime, Francois and Dudarev, Sergei L. and Simeone, David},
	date-modified = {2022-09-28 13:46:51 -0400},
	journal = {Journal of Nuclear Materials},
	pages = {450--479},
	publisher = {Elsevier},
	title = {Primary radiation damage: A review of current understanding and models},
	volume = {512},
	year = {2018}}

@article{matthews2020cluster,
	author = {Matthews, Christopher and Perriot, Romain and Cooper, WMD and Stanek, Christopher R and Andersson, David A},
	journal = {Journal of Nuclear Materials},
	pages = {152326},
	publisher = {Elsevier},
	title = {Cluster dynamics simulation of xenon diffusion during irradiation in {U}{O}$_{2}$},
	volume = {540},
	year = {2020}}

@article{sabioni1998first,
	author = {Sabioni, Antonio Claret Soares and Ferraz, Wilmar Barbosa and Millot, F},
	journal = {Journal of Nuclear Materials},
	number = {2},
	pages = {180--184},
	publisher = {Elsevier},
	title = {First study of uranium self-diffusion in {U}{O}$_{2}$ by {S}{I}{M}{S}},
	volume = {257},
	year = {1998}}

@article{cooper2016simulation,
	author = {Cooper, Michael William D and Stanek, Christopher Richard and Turnbull, James Anthony and Uberuaga, Blas P and Andersson, David Anders},
	journal = {Journal of Nuclear Materials},
	pages = {125--133},
	publisher = {Elsevier},
	title = {Simulation of radiation driven fission gas diffusion in {U}{O}$_{2}$, {T}h{O}$_{2}$ and {P}u{O}$_{2}$},
	volume = {481},
	year = {2016}}

@article{kleykamp1985chemical,
	author = {Kleykamp, Heiko},
	journal = {Journal of Nuclear Materials},
	number = {2-3},
	pages = {221--246},
	publisher = {Elsevier},
	title = {The chemical state of the fission products in oxide fuels},
	volume = {131},
	year = {1985}}

@article{gronbech2014application,
	author = {Gr{\o}nbech-Jensen, Niels and Hayre, Natha Robert and Farago, Oded},
	journal = {Computer Physics Communications},
	number = {2},
	pages = {524--527},
	publisher = {Elsevier},
	title = {Application of the {G}-{JF} discrete-time thermostat for fast and accurate molecular simulations},
	volume = {185},
	year = {2014}}

@article{gronbech2013simple,
	author = {Gr{\o}nbech-Jensen, Niels and Farago, Oded},
	journal = {Molecular Physics},
	number = {8},
	pages = {983--991},
	publisher = {Taylor \& Francis},
	title = {A simple and effective {V}erlet-type algorithm for simulating {L}angevin dynamics},
	volume = {111},
	year = {2013}}

@article{honeycutt1987molecular,
	author = {Honeycutt, J Dana and Andersen, Hans C},
	journal = {Journal of Physical Chemistry},
	number = {19},
	pages = {4950--4963},
	publisher = {ACS Publications},
	title = {Molecular dynamics study of melting and freezing of small {L}ennard-{J}ones clusters},
	volume = {91},
	year = {1987}}

@article{stukowski2012structure,
	author = {Stukowski, Alexander},
	journal = {Modelling and Simulation in Materials Science and Engineering},
	number = {4},
	pages = {045021},
	publisher = {IOP Publishing},
	title = {Structure identification methods for atomistic simulations of crystalline materials},
	volume = {20},
	year = {2012}}

@article{stukowski2009visualization,
	author = {Stukowski, Alexander},
	journal = {Modelling and Simulation in Materials Science and Engineering},
	number = {1},
	pages = {015012},
	publisher = {IOP Publishing},
	title = {Visualization and analysis of atomistic simulation data with {OVITO}--the {O}pen {V}isualization {T}ool},
	volume = {18},
	year = {2009}}

@techreport{beeler2021microstructural,
	author = {Beeler, B and Cole, J and Frazier, W and Gao, Y and Glagolenko, I and Hofman, G and Hu, SY and Joshi, V and Lavendar, C and Lombardo, N and Masengale, S and Mei, ZG and Oaks, A and Okuniewski, M and Park, G and Verner, K and Yacout, A and Ye, B and Zhang, Y.},
	institution = {Idaho National Lab.(INL), Idaho Falls, ID (United States)},
	number = {No. INL/EXT-20-60591},
	title = {Microstructural-level fuel performance modeling of {U}{M}o monolithic fuel},
	year = {2020}}

@techreport{marshall2016new,
	author = {Marshall, Margaret A and Lillo, Misti A},
	institution = {Idaho National Lab.(INL), Idaho Falls, ID (United States)},
	number = {No. INL/CON-15-36359-Rev000},
	title = {New {A}s-run {N}eutronics {A}nalysis for {R}{E}{R}{T}{R}-12 {F}uel {F}oil {E}xperiments},
	year = {2016}}

@book{nichols2008handbook,
	author = {Nichols, AL and Verpelli, M and Aldama, DL},
	publisher = {IAEA},
	title = {Handbook of nuclear data for safeguards: database extensions, August 2008},
	year = {2008}}

@techreport{Beeler2018microstructural,
	author = {Beeler, B and Burks, J and Cole, J and Gao, Y and Hofman, G and Hu, Joshi, V and Lavendar, C and Liang, L and Lombardo, N and Mei, Z.-G. and Oaks, A. and Wight, J and Yacout, A and Ye, B and Zhang, Y.},
	institution = {Idaho National Lab.(INL), Idaho Falls, ID (United States)},
	number = {No. INL/LTD-18-51573},
	title = {Microstructural level fuel performance modeling of {U}{M}o monolithic fuel},
	year = {2018}}

@inproceedings{mohamed2019fuel,
	author = {Mohamed, Walid and Roh, Hee Seok and Stillman, John and Wilson, Erik},
	booktitle = {ASME Power Conference},
	organization = {American Society of Mechanical Engineers},
	pages = {V001T14A005},
	title = {Fuel Swelling and Creep Analysis for a MURR LEU U-10Mo Monolithic Plate},
	volume = {59100},
	year = {2019}}

@article{beeler2012first,
	author = {Beeler, B and Good, B and Rashkeev, S and Deo, C and Baskes, M and Okuniewski, M},
	journal = {Journal of Nuclear Materials},
	number = {1-3},
	pages = {2--7},
	publisher = {Elsevier},
	title = {First-principles calculations of the stability and incorporation of helium, xenon and krypton in uranium},
	volume = {425},
	year = {2012}}

@article{beeler2011formation,
	author = {Beeler, Benjamin and Good, Benjamin and Deo, Chaitanya and Rashkeev, Sergey and Baskes, Michael and Okuniewski, Maria},
	journal = {Minerals, Metals and Materials Society/AIME},
	publisher = {Minerals, Metals and Materials Society/AIME},
	title = {Formation and Incorporation Energies of Fission Gases {H}e, {X}e, and {K}r in bcc uranium},
	year = {2011}}

@article{nakashima2015recombination,
	author = {Nakashima, Kenichi and Stoller, Roger E and Xu, Haixuan},
	journal = {Journal of Physics: Condensed Matter},
	number = {33},
	pages = {335401},
	publisher = {IOP Publishing},
	title = {Recombination radius of a Frenkel pair and capture radius of a self-interstitial atom by vacancy clusters in bcc {F}e},
	volume = {27},
	year = {2015}}

@article{yu2012radiation,
	author = {Yu, KY and Liu, Y and Sun, C and Wang, H and Shao, L and Fu, EG and Zhang, X},
	journal = {Journal of Nuclear Materials},
	number = {1-3},
	pages = {140--146},
	publisher = {Elsevier},
	title = {Radiation damage in helium ion irradiated nanocrystalline {F}e},
	volume = {425},
	year = {2012}}

@article{smirnova2015investigation,
	author = {Smirnova, DE and Kuksin, A Yu and Starikov, SV},
	journal = {Journal of Nuclear Materials},
	pages = {304--311},
	publisher = {Elsevier},
	title = {Investigation of point defects diffusion in bcc uranium and {U}--{M}o alloys},
	volume = {458},
	year = {2015}}

@article{zhang2012atomistic,
	author = {Zhang, Yongfeng and Huang, Hanchen and Millett, Paul C and Tonks, Michael and Wolf, Dieter and Phillpot, Simon R},
	journal = {Journal of Nuclear Materials},
	number = {1-3},
	pages = {69--76},
	publisher = {Elsevier},
	title = {Atomistic study of grain boundary sink strength under prolonged electron irradiation},
	volume = {422},
	year = {2012}}

@article{bezanson2017julia,
	author = {Bezanson, Jeff and Edelman, Alan and Karpinski, Stefan and Shah, Viral B},
	journal = {SIAM review},
	number = {1},
	pages = {65--98},
	publisher = {SIAM},
	title = {Julia: A fresh approach to numerical computing},
	volume = {59},
	year = {2017}}

@article{kolotova2017atomistic,
	author = {Kolotova, LN and Starikov, SV},
	journal = {Journal of Nuclear Materials},
	pages = {111--117},
	publisher = {Elsevier},
	title = {Atomistic simulation of defect formation and structure transitions in {U}-{M}o alloys in swift heavy ion irradiation},
	volume = {495},
	year = {2017}}

@article{kolotova2019atomistic,
	author = {Kolotova, LN and Starikov, SV and Ozrin, VD},
	journal = {Journal of Experimental and Theoretical Physics},
	number = {1},
	pages = {59--65},
	publisher = {Springer},
	title = {Atomistic Simulation of the Fission-Fragment-Induced Formation of Defects in a Uranium--Molybdenum Alloy},
	volume = {129},
	year = {2019}}

@article{veshchunov2015development,
	author = {Veshchunov, MS and Boldyrev, AV and Kuznetsov, AV and Ozrin, VD and Seryi, MS and Shestak, VE and Tarasov, VI and Norman, GE and Kuksin, A Yu and Pisarev, VV and others},
	journal = {Nuclear Engineering and Design},
	pages = {116--126},
	publisher = {Elsevier},
	title = {Development of the advanced mechanistic fuel performance and safety code using the multi-scale approach},
	volume = {295},
	year = {2015}}

@techreport{perez2012rertr1,
	author = {Perez, DM and Lillo, MA and Chang, GS and Woolstenhulme, NE},
	institution = {Idaho National Lab.(INL), Idaho Falls, ID (United States)},
	number = {No. INL/EXT-11-24101IN},
	title = {{R}{E}{R}{T}{R}-12 {I}nsertion 1 {I}rradiation {S}ummary {R}eport},
	year = {2012}}

@techreport{perez2012rertr2,
	author = {Perez, DM and Chang, GS and Wachs, DM and Roth, GA and Woolstenhulme, NE},
	institution = {Idaho National Lab.(INL), Idaho Falls, ID (United States)},
	number = {No. INL/EXT-12-27085},
	title = {{R}{E}{R}{T}{R}-12 {I}nsertion 2 {I}rradiation {S}ummary {R}eport},
	year = {2012}}

@article{baker1977migration,
	author = {Baker, C},
	journal = {Journal of Nuclear Materials},
	number = {1},
	pages = {117--123},
	publisher = {Elsevier},
	title = {The migration of intragranular fission gas bubbles in irradiated uranium dioxide},
	volume = {71},
	year = {1977}}

@article{kim2022modeling,
	author = {Kim, Dong-Uk and Blondel, Sophie and Bernholdt, David E and Roth, Philip and Kong, Fande and Andersson, David and Tonks, Michael R and Wirth, Brian D},
	journal = {Materials Theory},
	number = {1},
	pages = {1--28},
	publisher = {Springer},
	title = {Modeling mesoscale fission gas behavior in {U}{O}$_{2}$ by directly coupling the phase field method to spatially resolved cluster dynamics},
	volume = {6},
	year = {2022}}

@article{leenaers2016high,
	author = {Leenaers, Ann and Van Renterghem, Wouter and Van den Berghe, Sven},
	journal = {Journal of Nuclear Materials},
	pages = {218--230},
	publisher = {Elsevier},
	title = {High burn-up structure of {U}({M}o) dispersion fuel},
	volume = {476},
	year = {2016}}

@article{smith2022high,
	author = {Smith, Charlyne A and Biswas, Sudipta and Miller, Brandon D and Kombaiah, Boopathy and Frazer, David and Keiser, Dennis D and Aitkaliyeva, Assel},
	journal = {Journal of Nuclear Materials},
	pages = {153617},
	publisher = {Elsevier},
	title = {High burnup structure formation in {U}-{M}o fuels},
	volume = {563},
	year = {2022}}

@book{wanner1996solving,
	author = {Wanner, Gerhard and Hairer, Ernst},
	publisher = {Springer Berlin Heidelberg New York},
	title = {Solving ordinary differential equations II},
	volume = {375},
	year = {1996}}

@article{ye2018modelling,
	author = {Ye, Bei and Hofman, GL and Leenaers, Ann and Bergeron, A and Kuzminov, V and Van den Berghe, S and Kim, YS and Wallin, H},
	journal = {Journal of Nuclear Materials},
	pages = {191--203},
	publisher = {Elsevier},
	title = {A modelling study of the inter-diffusion layer formation in {U}-{M}o/{A}l dispersion fuel plates at high power},
	volume = {499},
	year = {2018}}
