%% This BibTeX bibliography file was created using BibDesk.
%% http://bibdesk.sourceforge.net/


%% Created for Benjamin Beeler at 2015-07-27 12:11:37 -0700 


%% Saved with string encoding Unicode (UTF-8) 



@book{allen1987,
	Author = {M. Allen and D. Tildesley},
	Date-Added = {2015-07-27 19:09:04 +0000},
	Date-Modified = {2015-07-27 19:10:11 +0000},
	Publisher = {Clarendon Press, Oxford},
	Title = {Computer Simulation of Liquids},
	Year = {1987}}

@article{abraham1986,
	Author = {F. Abraham},
	Date-Added = {2015-07-27 19:07:37 +0000},
	Date-Modified = {2015-07-27 19:09:02 +0000},
	Journal = {Adv. in Phys.},
	Pages = {1},
	Title = {Computational statistical mechanics: Methodology, apllications and supercomputing},
	Volume = {35},
	Year = {1986}}

@article{malerba2002,
	Author = {L. Malerba and J. Perlado},
	Date-Added = {2015-04-29 21:46:38 +0000},
	Date-Modified = {2015-04-29 23:50:43 +0000},
	Journal = {Phys. Rev. B},
	Pages = {045202},
	Title = {Basic mechanisms of atomic displacement production in cubic silicon carbide: A molecular dynamics study},
	Volume = {65},
	Year = {2002}}

@article{zolnikov2015,
	Author = {K. Zolnikov and A. Korchuganov and D. Kryzhevich and V. Chernov and S. Psakhie},
	Date-Added = {2015-04-29 21:10:12 +0000},
	Date-Modified = {2015-04-29 21:15:39 +0000},
	Journal = {Nucl. Instr. Meth. B},
	Title = {Structural change in elastically stressed crystallites under irradiation},
	Volume = {doi:10.1016/j.nimb.2015.01.029},
	Year = {2015}}

@article{ackland1997,
	Author = {G. Ackland and D. Bacon and A. Calder and T. Harry},
	Date-Added = {2015-04-29 20:11:16 +0000},
	Date-Modified = {2015-04-29 20:12:25 +0000},
	Journal = {Phil. Mag.},
	Pages = {713},
	Title = {Computer simulation of point defect properties in dilute Fe-Cu alloy using a many-body interatomic potential},
	Volume = {75},
	Year = {1997}}

@article{beeler2015,
	Author = {B. Beeler and M. Asta and P. Hosemann and N. Gronbech-Jensen},
	Date-Added = {2015-04-29 19:32:38 +0000},
	Date-Modified = {2015-04-29 19:33:29 +0000},
	Journal = {J. Nucl. Mater.},
	Pages = {159},
	Title = {Effects of applied strain on radiation damage generation in body-centered cubic iron},
	Volume = {459},
	Year = {2015}}

@article{nordlund2006,
	Author = {K. Nordlund and J. Wallenius and L. Malerba},
	Date-Added = {2015-04-28 20:06:30 +0000},
	Date-Modified = {2015-04-28 20:07:32 +0000},
	Journal = {Nucl. Instr. Meth. B},
	Pages = {322-332},
	Title = {Molecular dynamics simulation of threshold displacement energies in Fe},
	Volume = {246},
	Year = {2006}}

@article{kinchinpease,
	Author = {G. Kinchin and R. Pease},
	Date-Added = {2014-08-26 22:17:34 +0000},
	Date-Modified = {2014-08-26 22:18:53 +0000},
	Journal = {Rep. Prog. Phys.},
	Pages = {1},
	Title = {The Displacement of Atoms in Solids by Radiation},
	Volume = {18},
	Year = {1955}}

@book{was2007,
	Author = {G. Was},
	Date-Added = {2014-08-26 22:04:59 +0000},
	Date-Modified = {2014-08-26 22:06:03 +0000},
	Publisher = {Springer},
	Title = {Fundamentals of Radiation Materials Science},
	Year = {2007}}

@article{stoller1997,
	Author = {R. Stoller and G. Odette and B. Wirth},
	Date-Added = {2014-08-12 18:55:54 +0000},
	Date-Modified = {2014-10-31 19:49:34 +0000},
	Journal = {J. Nucl. Mater.},
	Pages = {49},
	Title = {Primary damage formation in bcc iron},
	Volume = {251},
	Year = {1997}}

@article{daw1984,
	Author = {M. Daw and M. Baskes},
	Date-Added = {2014-08-12 18:20:39 +0000},
	Date-Modified = {2014-08-12 18:21:15 +0000},
	Journal = {Phys. Rev. B},
	Pages = {6443},
	Title = {EMBEDDED-ATOM METHOD - DERIVATION AND APPLICATION TO IMPURITIES, SURFACES, AND OTHER DEFECTS IN METALS},
	Volume = {29},
	Year = {1984}}

@article{berendsen1984,
	Author = {H. Berendsen and J. Postma and W. Vangunsteren and A. Dinola an J. Haak},
	Date-Added = {2014-08-12 18:18:12 +0000},
	Date-Modified = {2014-08-12 18:19:16 +0000},
	Journal = {J. Chem. Phys.},
	Pages = {3684},
	Title = {MOLECULAR-DYNAMICS WITH COUPLING TO AN EXTERNAL BATH},
	Volume = {81},
	Year = {1984}}

@article{johnson1976,
	Author = {R. Johnson and N. Lam},
	Date-Added = {2014-08-12 18:06:20 +0000},
	Date-Modified = {2014-08-12 18:07:04 +0000},
	Journal = {Phys. Rev. B},
	Pages = {4364},
	Title = {SOLUTE SEGREGATION IN METALS UNDER IRRADIATION},
	Volume = {13},
	Year = {1976}}

@article{auger2000,
	Author = {P. Auger and P. Pareige and S. Welzel and J. Van Duysen},
	Date-Added = {2014-08-12 18:03:23 +0000},
	Date-Modified = {2014-08-12 18:04:32 +0000},
	Journal = {J. Nucl. Mater.},
	Pages = {331},
	Title = {Synthesis of atom probe experiments on irradiation-induced solute segregation in French ferritic pressure vessel steels},
	Volume = {280},
	Year = {2000}}

@article{brailsfo1972,
	Author = {A. Brailsfo and R. Bullough},
	Date-Added = {2014-08-12 18:00:02 +0000},
	Date-Modified = {2014-08-12 18:00:51 +0000},
	Journal = {J. Nucl. Mater.},
	Pages = {121},
	Title = {RATE THEORY OF SWELLING DUE TO VOID GROWTH IN IRRADIATED METALS},
	Volume = {44},
	Year = {1972}}

@article{terentyev2006,
	Author = {D. Terentyev and L. Malerba and R. Chakarova},
	Date-Added = {2014-07-28 23:18:35 +0000},
	Date-Modified = {2014-07-28 23:19:22 +0000},
	Journal = {J. Nucl. Mater.},
	Pages = {119},
	Title = {Displacement cascades in Fe-Cr: A molecular dynamics study},
	Volume = {349},
	Year = {2006}}

@article{ackland2004,
	Author = {G. Ackland and M. Mendelev and D. Srolovitz and S. Han and A. Barashev},
	Date-Added = {2014-07-28 23:14:26 +0000},
	Date-Modified = {2014-07-28 23:15:58 +0000},
	Journal = {J. Phys.: Cond. Mat.},
	Pages = {S2629},
	Title = {Development of an interatomic potential for phosphorus impurities in Î±-iron},
	Volume = {16},
	Year = {2004}}

@article{zinkle1993,
	Author = {S. Zinkle and B. Singh},
	Date-Added = {2014-07-28 23:09:27 +0000},
	Date-Modified = {2014-07-28 23:10:28 +0000},
	Journal = {J. Nucl. Mater.},
	Pages = {173},
	Title = {ANALYSIS OF DISPLACEMENT DAMAGE AND DEFECT PRODUCTION UNDER CASCADE DAMAGE CONDITIONS},
	Volume = {199},
	Year = {1993}}

@article{caturla2000,
	Author = {M. Caturla and N. Soneda and E. Alonso and B. Wirth and T. de la Rubia},
	Date-Added = {2014-07-28 23:06:43 +0000},
	Date-Modified = {2014-07-28 23:08:00 +0000},
	Journal = {J. Nucl. Mater.},
	Pages = {13},
	Title = {Comparative study of radiation damage accumulation in Cu and Fe},
	Volume = {276},
	Year = {2000}}

@article{bacon2004,
	Author = {D. Bacon and Y. Osetsky},
	Date-Added = {2014-07-28 23:03:36 +0000},
	Date-Modified = {2014-07-28 23:04:25 +0000},
	Journal = {Mat. Sci. Eng. A},
	Pages = {46},
	Title = {Multiscale modelling of radiation damage in metals: from defect generation to material properties},
	Volume = {365},
	Year = {2004}}

@article{soneda1998,
	Author = {N. Soneda and T. de la Rubia},
	Date-Added = {2014-07-28 23:00:51 +0000},
	Date-Modified = {2014-07-28 23:01:29 +0000},
	Journal = {Phil. Mag. A},
	Pages = {995},
	Title = {Defect production, annealing kinetics and damage evolution in alpha-Fe: an atomic-scale computer simulation},
	Volume = {78},
	Year = {1998}}

@article{bacon1994,
	Author = {D. Bacon and T. de la Rubia},
	Date-Added = {2014-07-28 22:59:16 +0000},
	Date-Modified = {2014-07-28 22:59:55 +0000},
	Journal = {J. Nucl. Mater.},
	Pages = {275},
	Title = {MOLECULAR-DYNAMICS COMPUTER-SIMULATIONS OF DISPLACEMENT CASCADES IN METALS},
	Volume = {216},
	Year = {1994}}

@article{phythian1995,
	Author = {W. Phythian and R. Stoller and A. Foreman and A. Calder and D. Bacon},
	Date-Added = {2014-07-28 22:54:03 +0000},
	Date-Modified = {2014-07-28 23:08:45 +0000},
	Journal = {J. Nucl. Mater.},
	Pages = {245},
	Title = {A COMPARISON OF DISPLACEMENT CASCADES IN COPPER AND IRON BY MOLECULAR-DYNAMICS AND ITS APPLICATION TO MICROSTRUCTURAL EVOLUTION},
	Volume = {223},
	Year = {1995}}

@article{averback1998,
	Author = {R. Averback and T. de la Rubia},
	Date-Added = {2014-07-28 22:52:09 +0000},
	Date-Modified = {2014-07-28 22:58:25 +0000},
	Journal = {Solid State Physics},
	Pages = {281},
	Title = {Displacement damage in irradiated metals and semiconductors},
	Volume = {51},
	Year = {1998}}

@article{gjf2014,
	Author = {N. Gronbech-Jensen and N. Hayre and O. Farago},
	Date-Added = {2014-07-28 19:19:20 +0000},
	Date-Modified = {2014-07-28 22:59:03 +0000},
	Journal = {Comp. Phys. Comm.},
	Pages = {524},
	Title = {Application of the G-JF Discrete-Time Thermostat for Fast and Accurate Molecular Simulations},
	Volume = {185},
	Year = {2014}}

@article{gjf2013,
	Author = {N. Gronbech-Jensen and O. Farago},
	Date-Added = {2014-07-28 19:16:26 +0000},
	Date-Modified = {2014-08-12 17:50:29 +0000},
	Journal = {Mol. Phys.},
	Pages = {983},
	Title = {Application of the G-JF Discrete-Time Thermostat for Fast and Accurate Molecular Simulations},
	Volume = {111},
	Year = {2013}}

@article{gao1997,
	Author = {F. Gao and D. Bacon and P. Flewitt and T. Lewis},
	Date-Added = {2014-04-24 19:14:04 +0000},
	Date-Modified = {2014-04-24 19:15:41 +0000},
	Journal = {J. Nucl. Mater.},
	Pages = {77-86},
	Title = {A molecular dynamics study of temperature effects on defect production by displacement cascades in alpha-iron},
	Volume = {249},
	Year = {1997}}

@article{becquart1997,
	Author = {C. Becquart and K. Decker and C. Domain and J. Ruste and Y Souffez and J. Turbatte and J. Van Duysen},
	Date-Added = {2014-04-24 19:11:52 +0000},
	Date-Modified = {2014-08-12 17:51:11 +0000},
	Journal = {Rad. Eff. Def. Sol.},
	Pages = {9-21},
	Title = {MASSIVELY PARALLEL MOLECULAR DYNAMICS SIMULATIONS WITH EAM POTENTIALS},
	Volume = {142},
	Year = {1997}}

@article{gao1996,
	Author = {F. Gao and D. Bacon and A. Calder and P. Flewitt and T. Lewis},
	Date-Added = {2014-04-24 19:10:31 +0000},
	Date-Modified = {2014-04-24 19:11:37 +0000},
	Journal = {J. Nucl. Mater.},
	Pages = {47-56},
	Title = {Computer simulation study of cascade overlap effects in alpha-iron},
	Volume = {230},
	Year = {1996}}

@article{bacon1993,
	Author = {D. Bacon and A. Calder and J. Harder and S. Wooding},
	Date-Added = {2014-04-24 19:09:17 +0000},
	Date-Modified = {2014-04-24 19:10:28 +0000},
	Journal = {J. Nucl. Mater.},
	Pages = {52-58},
	Title = {Computer simulation of low-energy displacement events in pure bcc and hcp metals},
	Volume = {205},
	Year = {1993}}

@article{pbe2,
	Author = {J. Perdew and K. Burke and M. Ernzerhof},
	Date-Added = {2014-04-14 21:41:49 +0000},
	Date-Modified = {2014-04-14 21:42:25 +0000},
	Journal = {Phys. Rev. Lett.},
	Pages = {1396},
	Title = {Erratum: Generalized gradient approximation made simple},
	Volume = {78},
	Year = {1997}}

@article{pbe1,
	Author = {J. Perdew and K. Burke and M. Ernzerhof},
	Date-Added = {2014-04-14 21:41:03 +0000},
	Date-Modified = {2014-04-14 21:41:48 +0000},
	Journal = {Phys. Rev. Lett.},
	Pages = {3865},
	Title = {Generalized gradient approximation made simple},
	Volume = {77},
	Year = {1996}}

@article{paw2,
	Author = {G. Kresse and D. Joubert},
	Date-Added = {2014-04-14 21:38:51 +0000},
	Date-Modified = {2014-04-14 21:39:25 +0000},
	Journal = {Phys. Rev. B},
	Pages = {1758},
	Title = {From ultrasoft pseudopotentials to the projector augmented-wave method},
	Volume = {59},
	Year = {1999}}

@article{paw1,
	Author = {P. Blochl},
	Date-Added = {2014-04-14 21:38:18 +0000},
	Date-Modified = {2014-04-14 21:38:49 +0000},
	Journal = {Phys. Rev. B},
	Pages = {17953},
	Title = {Projector augmented-wave method},
	Volume = {50},
	Year = {1994}}

@article{vasp4,
	Author = {G. Kresse and J. Furthmuller},
	Date-Added = {2014-04-14 21:36:24 +0000},
	Date-Modified = {2014-04-14 21:38:15 +0000},
	Journal = {Phys. Rev. B},
	Pages = {11169},
	Title = {Efficient iterative schemes for ab initio total-energy calculations using a plane-wave basis set},
	Volume = {54},
	Year = {1996}}

@article{vasp3,
	Author = {G. Kresse and J. Furthmuller},
	Date-Added = {2014-04-14 21:35:29 +0000},
	Date-Modified = {2014-04-14 21:38:10 +0000},
	Journal = {Comput. Mat. Sci.},
	Pages = {15},
	Title = {Efficiency of ab-initio total energy calculations for metals and semiconductors using a plane-wave basis set},
	Volume = {6},
	Year = {1996}}

@article{vasp2,
	Author = {G. Kresse and J. Hafner},
	Date-Added = {2014-04-14 21:34:47 +0000},
	Date-Modified = {2014-04-14 21:38:05 +0000},
	Journal = {Phys. Rev. B},
	Pages = {14251},
	Title = {Ab initio molecular-dynamics simulation of the liquid-metal-amorphous-semiconductor transition in germanium},
	Volume = {49},
	Year = {1994}}

@article{vasp1,
	Author = {G. Kresse and J. Hafner},
	Date-Added = {2014-04-14 21:34:03 +0000},
	Date-Modified = {2014-04-14 21:38:00 +0000},
	Journal = {Phys. Rev. B},
	Pages = {558},
	Title = {Ab initio molecular dynamics for liquid metals},
	Volume = {47},
	Year = {1993}}

@article{norgett1975,
	Author = {M. Norgett and M. Robinson and L. Torrens},
	Date-Added = {2014-04-14 21:23:52 +0000},
	Date-Modified = {2014-04-14 21:26:11 +0000},
	Journal = {Nucl. Eng. Design},
	Pages = {50-54},
	Title = {A PROPOSED METHOD OF CALCULATING DISPLACEMENT DOSE RATES},
	Volume = {33},
	Year = {1975}}

@article{mendelev2003,
	Author = {M. Mendelev and S. Han and D. Srolovitz and G. Ackland and D. Sun and M. Asta},
	Date-Added = {2014-04-14 21:17:03 +0000},
	Date-Modified = {2014-04-14 21:18:11 +0000},
	Journal = {Phil. Mag.},
	Pages = {3977-3994},
	Title = {Development of new interatomic potentials appropriate for crystalline and liquid iron},
	Volume = {83},
	Year = {2003}}

@article{plimpton1995,
	Author = {S. Plimpton},
	Date-Added = {2014-04-14 21:13:08 +0000},
	Date-Modified = {2014-04-14 21:13:52 +0000},
	Journal = {J. Comp. Phys.},
	Pages = {1-19},
	Title = {Fast Parallel Algorithms for Short-Range Molecular Dynamics},
	Volume = {117},
	Year = {1995}}

@article{malerba2006,
	Author = {L. Malerba},
	Date-Added = {2014-04-14 20:58:41 +0000},
	Date-Modified = {2014-04-14 20:59:22 +0000},
	Journal = {J. Nucl. Mater.},
	Pages = {28-38},
	Title = {Molecular dynamics simulation of displacement cascades in alpha-Fe: A critical review},
	Volume = {351},
	Year = {2006}}

@article{hayward2010,
	Author = {E. Hayward and C. Deo},
	Date-Added = {2014-04-07 21:24:04 +0000},
	Date-Modified = {2014-08-12 18:54:54 +0000},
	Journal = {Comp., Mater. and Cont.},
	Pages = {101-115},
	Title = {A Molecular Dynamics Study of Irradiation Induced Cascades in Iron Containing Hydrogen},
	Volume = {16},
	Year = {2010},
	Bdsk-File-1 = {YnBsaXN0MDDUAQIDBAUGJCVYJHZlcnNpb25YJG9iamVjdHNZJGFyY2hpdmVyVCR0b3ASAAGGoKgHCBMUFRYaIVUkbnVsbNMJCgsMDxJXTlMua2V5c1pOUy5vYmplY3RzViRjbGFzc6INDoACgAOiEBGABIAFgAdccmVsYXRpdmVQYXRoWWFsaWFzRGF0YV8QHS4uLy4uL3BhcGVycy9oYXl3YXJkXzIwMTEucGRm0hcLGBlXTlMuZGF0YU8RAXgAAAAAAXgAAgAAAkhEAAAAAAAAAAAAAAAAAAAAAAAAAAAAAAAAAM6pSntIKwAAABTQaRBoYXl3YXJkXzIwMTEucGRmAAAAAAAAAAAAAAAAAAAAAAAAAAAAAAAAAAAAAAAAAAAAAAAAAAAAAAAAAAAAAAAAFNBzzfxFZwAAAAAAAAAAAAIAAgAACSAAAAAAAAAAAAAAAAAAAAAGcGFwZXJzABAACAAAzqm6+wAAABEACAAAzfyn1wAAAAEAEAAU0GkAFM9FABTPHwACDeMAAgA1SEQ6VXNlcnM6AGJlZWxlcjoARG9jdW1lbnRzOgBwYXBlcnM6AGhheXdhcmRfMjAxMS5wZGYAAA4AIgAQAGgAYQB5AHcAYQByAGQAXwAyADAAMQAxAC4AcABkAGYADwAGAAIASABEABIALlVzZXJzL2JlZWxlci9Eb2N1bWVudHMvcGFwZXJzL2hheXdhcmRfMjAxMS5wZGYAEwABLwAAFQACAA3//wAAgAbSGxwdHlokY2xhc3NuYW1lWCRjbGFzc2VzXU5TTXV0YWJsZURhdGGjHR8gVk5TRGF0YVhOU09iamVjdNIbHCIjXE5TRGljdGlvbmFyeaIiIF8QD05TS2V5ZWRBcmNoaXZlctEmJ1Ryb290gAEACAARABoAIwAtADIANwBAAEYATQBVAGAAZwBqAGwAbgBxAHMAdQB3AIQAjgCuALMAuwI3AjkCPgJJAlICYAJkAmsCdAJ5AoYCiQKbAp4CowAAAAAAAAIBAAAAAAAAACgAAAAAAAAAAAAAAAAAAAKl}}

@article{stoller1999,
	Author = {R. Stoller and L. Greenwood},
	Date-Added = {2014-04-07 21:21:08 +0000},
	Date-Modified = {2014-04-07 21:46:51 +0000},
	Journal = {J. Nucl. Mater.},
	Pages = {57-62},
	Title = {Subcascade formation in displacement cascade simulations: Implications for fusion reactor materials},
	Volume = {271},
	Year = {1999},
	Bdsk-File-1 = {YnBsaXN0MDDUAQIDBAUGJCVYJHZlcnNpb25YJG9iamVjdHNZJGFyY2hpdmVyVCR0b3ASAAGGoKgHCBMUFRYaIVUkbnVsbNMJCgsMDxJXTlMua2V5c1pOUy5vYmplY3RzViRjbGFzc6INDoACgAOiEBGABIAFgAdccmVsYXRpdmVQYXRoWWFsaWFzRGF0YV8QHS4uLy4uL3BhcGVycy9zdG9sbGVyXzE5OTkucGRm0hcLGBlXTlMuZGF0YU8RAXgAAAAAAXgAAgAAAkhEAAAAAAAAAAAAAAAAAAAAAAAAAAAAAAAAAM6pSntIKwAAABTQaRBzdG9sbGVyXzE5OTkucGRmAAAAAAAAAAAAAAAAAAAAAAAAAAAAAAAAAAAAAAAAAAAAAAAAAAAAAAAAAAAAAAAAFNB6zfxwsQAAAAAAAAAAAAIAAgAACSAAAAAAAAAAAAAAAAAAAAAGcGFwZXJzABAACAAAzqm6+wAAABEACAAAzfzTIQAAAAEAEAAU0GkAFM9FABTPHwACDeMAAgA1SEQ6VXNlcnM6AGJlZWxlcjoARG9jdW1lbnRzOgBwYXBlcnM6AHN0b2xsZXJfMTk5OS5wZGYAAA4AIgAQAHMAdABvAGwAbABlAHIAXwAxADkAOQA5AC4AcABkAGYADwAGAAIASABEABIALlVzZXJzL2JlZWxlci9Eb2N1bWVudHMvcGFwZXJzL3N0b2xsZXJfMTk5OS5wZGYAEwABLwAAFQACAA3//wAAgAbSGxwdHlokY2xhc3NuYW1lWCRjbGFzc2VzXU5TTXV0YWJsZURhdGGjHR8gVk5TRGF0YVhOU09iamVjdNIbHCIjXE5TRGljdGlvbmFyeaIiIF8QD05TS2V5ZWRBcmNoaXZlctEmJ1Ryb290gAEACAARABoAIwAtADIANwBAAEYATQBVAGAAZwBqAGwAbgBxAHMAdQB3AIQAjgCuALMAuwI3AjkCPgJJAlICYAJkAmsCdAJ5AoYCiQKbAp4CowAAAAAAAAIBAAAAAAAAACgAAAAAAAAAAAAAAAAAAAKl}}

@article{stoller1996,
	Author = {R. Stoller},
	Date-Added = {2014-04-07 21:20:28 +0000},
	Date-Modified = {2014-04-07 21:21:04 +0000},
	Journal = {J. Nucl. Mater.},
	Pages = {999-1003},
	Title = {Point defect survival and clustering fractions obtained from molecular dynamics simulations of high energy cascades},
	Volume = {233},
	Year = {1996}}

@article{gao2001,
	Author = {F. Gao and D. Bacon and P. Flewitt and T. Lewis},
	Date-Added = {2014-04-07 21:18:40 +0000},
	Date-Modified = {2014-08-12 17:49:51 +0000},
	Journal = {Nucl. Instr. Meth. B},
	Pages = {187-193},
	Title = {The influence of strain on defect generation by displacement cascades in alpha-iron},
	Volume = {180},
	Year = {2001},
	Bdsk-File-1 = {YnBsaXN0MDDUAQIDBAUGJCVYJHZlcnNpb25YJG9iamVjdHNZJGFyY2hpdmVyVCR0b3ASAAGGoKgHCBMUFRYaIVUkbnVsbNMJCgsMDxJXTlMua2V5c1pOUy5vYmplY3RzViRjbGFzc6INDoACgAOiEBGABIAFgAdccmVsYXRpdmVQYXRoWWFsaWFzRGF0YV8QGS4uLy4uL3BhcGVycy9nYW9fMjAwMS5wZGbSFwsYGVdOUy5kYXRhTxEBaAAAAAABaAACAAACSEQAAAAAAAAAAAAAAAAAAAAAAAAAAAAAAAAAzqlKe0grAAAAFNBpDGdhb18yMDAxLnBkZgAAAAAAAAAAAAAAAAAAAAAAAAAAAAAAAAAAAAAAAAAAAAAAAAAAAAAAAAAAAAAAAAAAAAAU0HLN7hYjAAAAAAAAAAAAAgACAAAJIAAAAAAAAAAAAAAAAAAAAAZwYXBlcnMAEAAIAADOqbr7AAAAEQAIAADN7niTAAAAAQAQABTQaQAUz0UAFM8fAAIN4wACADFIRDpVc2VyczoAYmVlbGVyOgBEb2N1bWVudHM6AHBhcGVyczoAZ2FvXzIwMDEucGRmAAAOABoADABnAGEAbwBfADIAMAAwADEALgBwAGQAZgAPAAYAAgBIAEQAEgAqVXNlcnMvYmVlbGVyL0RvY3VtZW50cy9wYXBlcnMvZ2FvXzIwMDEucGRmABMAAS8AABUAAgAN//8AAIAG0hscHR5aJGNsYXNzbmFtZVgkY2xhc3Nlc11OU011dGFibGVEYXRhox0fIFZOU0RhdGFYTlNPYmplY3TSGxwiI1xOU0RpY3Rpb25hcnmiIiBfEA9OU0tleWVkQXJjaGl2ZXLRJidUcm9vdIABAAgAEQAaACMALQAyADcAQABGAE0AVQBgAGcAagBsAG4AcQBzAHUAdwCEAI4AqgCvALcCIwIlAioCNQI+AkwCUAJXAmACZQJyAnUChwKKAo8AAAAAAAACAQAAAAAAAAAoAAAAAAAAAAAAAAAAAAACkQ==}}

@article{di2013,
	Author = {S. Di and Z. Yao and M. Daymond and F. Gao},
	Date-Added = {2014-04-07 21:12:25 +0000},
	Date-Modified = {2014-08-12 17:49:34 +0000},
	Journal = {Nucl. Instr. Meth. B},
	Pages = {95-99},
	Title = {Molecular dynamics simulations of irradiation cascades in alpha-zirconium under macroscopic strain},
	Volume = {303},
	Year = {2013},
	Bdsk-File-1 = {YnBsaXN0MDDUAQIDBAUGJCVYJHZlcnNpb25YJG9iamVjdHNZJGFyY2hpdmVyVCR0b3ASAAGGoKgHCBMUFRYaIVUkbnVsbNMJCgsMDxJXTlMua2V5c1pOUy5vYmplY3RzViRjbGFzc6INDoACgAOiEBGABIAFgAdccmVsYXRpdmVQYXRoWWFsaWFzRGF0YV8QGC4uLy4uL3BhcGVycy9kaV8yMDEzLnBkZtIXCxgZV05TLmRhdGFPEQFkAAAAAAFkAAIAAAJIRAAAAAAAAAAAAAAAAAAAAAAAAAAAAAAAAADOqUp7SCsAAAAU0GkLZGlfMjAxMy5wZGYAAAAAAAAAAAAAAAAAAAAAAAAAAAAAAAAAAAAAAAAAAAAAAAAAAAAAAAAAAAAAAAAAAAAAAEUW5M8arcYAAAAAAAAAAAACAAIAAAkgAAAAAAAAAAAAAAAAAAAABnBhcGVycwAQAAgAAM6puvsAAAARAAgAAM8bHkYAAAABABAAFNBpABTPRQAUzx8AAg3jAAIAMEhEOlVzZXJzOgBiZWVsZXI6AERvY3VtZW50czoAcGFwZXJzOgBkaV8yMDEzLnBkZgAOABgACwBkAGkAXwAyADAAMQAzAC4AcABkAGYADwAGAAIASABEABIAKVVzZXJzL2JlZWxlci9Eb2N1bWVudHMvcGFwZXJzL2RpXzIwMTMucGRmAAATAAEvAAAVAAIADf//AACABtIbHB0eWiRjbGFzc25hbWVYJGNsYXNzZXNdTlNNdXRhYmxlRGF0YaMdHyBWTlNEYXRhWE5TT2JqZWN00hscIiNcTlNEaWN0aW9uYXJ5oiIgXxAPTlNLZXllZEFyY2hpdmVy0SYnVHJvb3SAAQAIABEAGgAjAC0AMgA3AEAARgBNAFUAYABnAGoAbABuAHEAcwB1AHcAhACOAKkArgC2Ah4CIAIlAjACOQJHAksCUgJbAmACbQJwAoIChQKKAAAAAAAAAgEAAAAAAAAAKAAAAAAAAAAAAAAAAAAAAow=}}

@article{miyashiro2011,
	Author = {S. Miyashiro and S. Fujita and T. Okita},
	Date-Added = {2014-04-07 21:04:47 +0000},
	Date-Modified = {2014-04-07 21:47:45 +0000},
	Journal = {J. Nucl. Mater.},
	Pages = {1-4},
	Title = {MD simulations to evaluate the influence of applied normal stress or deformation on defect production rate and size distribution of clusters in cascade process for pure Cu},
	Volume = {415},
	Year = {2011},
	Bdsk-File-1 = {YnBsaXN0MDDUAQIDBAUGJCVYJHZlcnNpb25YJG9iamVjdHNZJGFyY2hpdmVyVCR0b3ASAAGGoKgHCBMUFRYaIVUkbnVsbNMJCgsMDxJXTlMua2V5c1pOUy5vYmplY3RzViRjbGFzc6INDoACgAOiEBGABIAFgAdccmVsYXRpdmVQYXRoWWFsaWFzRGF0YV8QHy4uLy4uL3BhcGVycy9taXlhc2hpcm9fMjAxMS5wZGbSFwsYGVdOUy5kYXRhTxEBgAAAAAABgAACAAACSEQAAAAAAAAAAAAAAAAAAAAAAAAAAAAAAAAAzqlKe0grAAAAFNBpEm1peWFzaGlyb18yMDExLnBkZgAAAAAAAAAAAAAAAAAAAAAAAAAAAAAAAAAAAAAAAAAAAAAAAAAAAAAAAAAAAAAU0HTN7hQRAAAAAAAAAAAAAgACAAAJIAAAAAAAAAAAAAAAAAAAAAZwYXBlcnMAEAAIAADOqbr7AAAAEQAIAADN7naBAAAAAQAQABTQaQAUz0UAFM8fAAIN4wACADdIRDpVc2VyczoAYmVlbGVyOgBEb2N1bWVudHM6AHBhcGVyczoAbWl5YXNoaXJvXzIwMTEucGRmAAAOACYAEgBtAGkAeQBhAHMAaABpAHIAbwBfADIAMAAxADEALgBwAGQAZgAPAAYAAgBIAEQAEgAwVXNlcnMvYmVlbGVyL0RvY3VtZW50cy9wYXBlcnMvbWl5YXNoaXJvXzIwMTEucGRmABMAAS8AABUAAgAN//8AAIAG0hscHR5aJGNsYXNzbmFtZVgkY2xhc3Nlc11OU011dGFibGVEYXRhox0fIFZOU0RhdGFYTlNPYmplY3TSGxwiI1xOU0RpY3Rpb25hcnmiIiBfEA9OU0tleWVkQXJjaGl2ZXLRJidUcm9vdIABAAgAEQAaACMALQAyADcAQABGAE0AVQBgAGcAagBsAG4AcQBzAHUAdwCEAI4AsAC1AL0CQQJDAkgCUwJcAmoCbgJ1An4CgwKQApMCpQKoAq0AAAAAAAACAQAAAAAAAAAoAAAAAAAAAAAAAAAAAAACrw==}}
